{
  "leader": "02968cam a2200493 a 4500",
  "fields": [
    {
      "001": "ocm43615585\\"
    },
    {
      "003": "OCoLC"
    },
    {
      "005": "20220630170905.0"
    },
    {
      "008": "000225s2000\\\\\\\\nyu\\\\\\\\\\\\b\\\\\\\\001\\0\\eng\\\\"
    },
    {
      "010": {
        "ind1": "\\",
        "ind2": "\\",
        "subfields": [
          {
            "a": "   00027540 "
          }
        ]
      }
    },
    {
      "040": {
        "ind1": "\\",
        "ind2": "\\",
        "subfields": [
          {
            "a": "DLC"
          },
          {
            "b": "eng"
          },
          {
            "c": "DLC"
          },
          {
            "d": "C#P"
          },
          {
            "d": "VVC"
          },
          {
            "d": "UKM"
          },
          {
            "d": "BAKER"
          },
          {
            "d": "BTCTA"
          },
          {
            "d": "YDXCP"
          },
          {
            "d": "OCLCG"
          },
          {
            "d": "CNCGM"
          },
          {
            "d": "BDX"
          },
          {
            "d": "OCLCF"
          },
          {
            "d": "OCLCQ"
          },
          {
            "d": "UKMGB"
          },
          {
            "d": "OCLCO"
          },
          {
            "d": "IL4J6"
          },
          {
            "d": "OCLCO"
          }
        ]
      }
    },
    {
      "016": {
        "ind1": "7",
        "ind2": "\\",
        "subfields": [
          {
            "a": "009164327"
          },
          {
            "2": "Uk"
          }
        ]
      }
    },
    {
      "019": {
        "ind1": "\\",
        "ind2": "\\",
        "subfields": [
          {
            "a": "1022617190"
          }
        ]
      }
    },
    {
      "020": {
        "ind1": "\\",
        "ind2": "\\",
        "subfields": [
          {
            "a": "0823220400"
          }
        ]
      }
    },
    {
      "020": {
        "ind1": "\\",
        "ind2": "\\",
        "subfields": [
          {
            "a": "9780823220403"
          }
        ]
      }
    },
    {
      "020": {
        "ind1": "\\",
        "ind2": "\\",
        "subfields": [
          {
            "a": "0823220419"
          },
          {
            "q": "(pbk.)"
          }
        ]
      }
    },
    {
      "020": {
        "ind1": "\\",
        "ind2": "\\",
        "subfields": [
          {
            "a": "9780823220410"
          },
          {
            "q": "(pbk.)"
          }
        ]
      }
    },
    {
      "035": {
        "ind1": "\\",
        "ind2": "\\",
        "subfields": [
          {
            "a": "(OCoLC)43615585"
          },
          {
            "z": "(OCoLC)1022617190"
          }
        ]
      }
    },
    {
      "043": {
        "ind1": "\\",
        "ind2": "\\",
        "subfields": [
          {
            "a": "n-us---"
          }
        ]
      }
    },
    {
      "050": {
        "ind1": "0",
        "ind2": "0",
        "subfields": [
          {
            "a": "P87"
          },
          {
            "b": ".M55 2000"
          }
        ]
      }
    },
    {
      "082": {
        "ind1": "0",
        "ind2": "0",
        "subfields": [
          {
            "a": "384.5506573"
          },
          {
            "b": "MIT"
          }
        ]
      }
    },
    {
      "100": {
        "ind1": "1",
        "ind2": "\\",
        "subfields": [
          {
            "a": "Mitgang, Lee D.,"
          },
          {
            "d": "1949-"
          }
        ]
      }
    },
    {
      "245": {
        "ind1": "1",
        "ind2": "0",
        "subfields": [
          {
            "a": "Big Bird and beyond :"
          },
          {
            "b": "the new media and the Markle Foundation /"
          },
          {
            "c": "Lee D. Mitgang."
          }
        ]
      }
    },
    {
      "250": {
        "ind1": "\\",
        "ind2": "\\",
        "subfields": [
          {
            "a": "1st ed."
          }
        ]
      }
    },
    {
      "260": {
        "ind1": "\\",
        "ind2": "\\",
        "subfields": [
          {
            "a": "New York :"
          },
          {
            "b": "Fordham University Press,"
          },
          {
            "c": "2000."
          }
        ]
      }
    },
    {
      "300": {
        "ind1": "\\",
        "ind2": "\\",
        "subfields": [
          {
            "a": "xxii, 292 pages ;"
          },
          {
            "c": "24 cm"
          }
        ]
      }
    },
    {
      "336": {
        "ind1": "\\",
        "ind2": "\\",
        "subfields": [
          {
            "a": "text"
          },
          {
            "b": "txt"
          },
          {
            "2": "rdacontent"
          }
        ]
      }
    },
    {
      "337": {
        "ind1": "\\",
        "ind2": "\\",
        "subfields": [
          {
            "a": "unmediated"
          },
          {
            "b": "n"
          },
          {
            "2": "rdamedia"
          }
        ]
      }
    },
    {
      "338": {
        "ind1": "\\",
        "ind2": "\\",
        "subfields": [
          {
            "a": "volume"
          },
          {
            "b": "nc"
          },
          {
            "2": "rdacarrier"
          }
        ]
      }
    },
    {
      "504": {
        "ind1": "\\",
        "ind2": "\\",
        "subfields": [
          {
            "a": "Includes bibliographical references (pages 273-279) and index."
          }
        ]
      }
    },
    {
      "505": {
        "ind1": "0",
        "ind2": "\\",
        "subfields": [
          {
            "a": "Enter Sesame -- Beyond Big Bird: Markle and children's television -- The diffusion of knowledge -- The coming of cable -- Messages to the media -- Changing channels -- Electronic everything -- Aging.org -- Communication and democracy."
          }
        ]
      }
    },
    {
      "520": {
        "ind1": "1",
        "ind2": "\\",
        "subfields": [
          {
            "a": "\"Big Bird and Beyond reveals the pivotal role Lloyd Morrisett has played since 1969, as president of The John & Mary R. Markle Foundation and as chairman of the Children's Television Workshop, in launching Peggy Charren's Action for Children's Television, rescuing the Columbia Journalism Review and the Fund for Investigative Journalism from bankruptcy, establishing the National News Council in defiance of the nation's most powerful newspaper, and spurring Cable News Network to provide more issue oriented presidential election coverage. Mitgang describes how Markle almost single-handedly promoted the idea of using computers and the Internet to enrich the lives of the elderly, and, most recently, how electronic mail might connect citizens more effectively to government and other institutions that affect their everyday lives.\"--Jacket."
          }
        ]
      }
    },
    {
      "610": {
        "ind1": "2",
        "ind2": "0",
        "subfields": [
          {
            "a": "John and Mary R. Markle Foundation"
          },
          {
            "x": "History."
          }
        ]
      }
    },
    {
      "650": {
        "ind1": "\\",
        "ind2": "0",
        "subfields": [
          {
            "a": "Mass media"
          },
          {
            "x": "Research"
          },
          {
            "z": "United States"
          },
          {
            "x": "History."
          }
        ]
      }
    },
    {
      "610": {
        "ind1": "2",
        "ind2": "7",
        "subfields": [
          {
            "a": "John and Mary R. Markle Foundation."
          },
          {
            "2": "fast"
          },
          {
            "0": "(OCoLC)fst00522140"
          }
        ]
      }
    },
    {
      "650": {
        "ind1": "\\",
        "ind2": "7",
        "subfields": [
          {
            "a": "Mass media"
          },
          {
            "x": "Research."
          },
          {
            "2": "fast"
          },
          {
            "0": "(OCoLC)fst01011296"
          }
        ]
      }
    },
    {
      "651": {
        "ind1": "\\",
        "ind2": "7",
        "subfields": [
          {
            "a": "United States."
          },
          {
            "2": "fast"
          },
          {
            "0": "(OCoLC)fst01204155"
          }
        ]
      }
    },
    {
      "655": {
        "ind1": "\\",
        "ind2": "7",
        "subfields": [
          {
            "a": "History."
          },
          {
            "2": "fast"
          },
          {
            "0": "(OCoLC)fst01411628"
          }
        ]
      }
    },
    {
      "710": {
        "ind1": "2",
        "ind2": "\\",
        "subfields": [
          {
            "a": "John and Mary R. Markle Foundation."
          }
        ]
      }
    },
    {
      "856": {
        "ind1": "4",
        "ind2": "2",
        "subfields": [
          {
            "3": "Contributor biographical information"
          },
          {
            "u": "http://catdir.loc.gov/catdir/enhancements/fy0734/00027540-b.html"
          }
        ]
      }
    },
    {
      "856": {
        "ind1": "4",
        "ind2": "2",
        "subfields": [
          {
            "3": "Publisher description"
          },
          {
            "u": "http://catdir.loc.gov/catdir/enhancements/fy0625/00027540-d.html"
          }
        ]
      }
    },
    {
      "994": {
        "ind1": "\\",
        "ind2": "\\",
        "subfields": [
          {
            "a": "Z0"
          },
          {
            "b": "NYRVC"
          }
        ]
      }
    },
    {
      "948": {
        "ind1": "\\",
        "ind2": "\\",
        "subfields": [
          {
            "h": "NO HOLDINGS IN NYRVC - 234 OTHER HOLDINGS"
          }
        ]
      }
    },
    {
      "999": {
        "ind1": "\\",
        "ind2": "\\",
        "subfields": [
          {
            "a": "00000000019525"
          }
        ]
      }
    }
  ]
}